
@inproceedings{huang2012clickjacking,
  title={Clickjacking: Attacks and defenses},
  author={Huang, Lin-Shung and others},
  booktitle={USENIX Security'12},
}

@article{mckeen2013,
  title={Innovative instructions and software model for isolated execution.},
  author={McKeen, Frank and others},
  journal={HASP'13},
}

@inproceedings{sanctum,
  title={Sanctum: Minimal hardware extensions for strong software isolation},
  author={Costan, Victor and others},
  booktitle={USENIX Security'16},
}

@inproceedings{protection,
	author = {Aritra Dhar and others},
	title = {{ProtectIOn}: Root-of-Trust for {IO} in Compromised Platforms},
	booktitle = {NDSS'20},
}

@inproceedings{proximitee,
  	title={{ProximiTEE}: Hardened {SGX} Attestation by Proximity Verification},
	author={Aritra Dhar and others},
  	booktitle = {CODASPY'20},
}

@misc{IntegriKey,
    author = {Aritra Dhar and others},
    title = {IntegriKey: End-to-End Integrity Protection of User Input},
    note = {\url{https://eprint.iacr.org/2017/1245}}
}

@article{ekberg2014untapped,
  title={The untapped potential of trusted execution environments on mobile devices},
  author={Ekberg, Jan-Erik and others},
  journal={S\&P magazine},
  year={2014},
}

@inproceedings{volos2018graviton,
  title={Graviton: Trusted execution environments on {GPUs}},
  author={Volos, Stavros and others},
  booktitle={OSDI'18},
}

@inproceedings{Fidelius,
  	title={Fidelius: Protecting user secrets from compromised browsers},
  	author={Eskandarian, Saba and others},
  	booktitle={S\&P'19},}

@inproceedings{filyanov2011uni,
  	title={Uni-directional trusted path: Transaction confirmation on just one device},
  	author={Filyanov, Atanas and others},
  	booktitle={DSN'11},
}

@inproceedings{van2018foreshadow,
  	title={Foreshadow: Extracting the keys to the {Intel SGX} kingdom with transient out-of-order execution},
  	author={Van Bulck, Jo and others},
  	booktitle={USENIX Security'18},
}

@misc{titan, 
	author={Google},
	title={Titan in depth: Security in plaintext}, 
	note={\url{https://cloud.google.com/blog/products/gcp/titan-in-depth-security-in-plaintext}}, 
}

@misc{t2, 
	author={Apple},
	title={About the {Apple T2} Security Chip}, 
	note={\url{https://support.apple.com/en-us/HT208862}}, 
}

@misc{open-enclave-sdk,
	title={Open Enclave SDK},
	note={\url{https://openenclave.io/sdk/}},
}

@inproceedings{raccoon,
  title={Raccoon: Closing digital side-channels through obfuscated execution},
  author={Rane, Ashay and others},
  booktitle={USENIX Security'15},
}

@inproceedings{parno2008bootstrapping,
  title={Bootstrapping Trust in a Trusted Platform},
  author={Parno, Bryan},
  booktitle={HotSec'08},
}
@article{azure,
  title={Introducing {Azure} confidential computing},
  author={Russinovich, Mark},
  note={\url{https://azure.microsoft.com/es-es/blog/introducing-azure-confidential-computing/}}
}

@inproceedings{van2019tale,
  title={A Tale of Two Worlds: Assessing the Vulnerability of Enclave Shielding Runtimes},
  author={Van Bulck, Jo and others},
  booktitle={CCS'19},

}

@misc{DCAP,
  title={Supporting Third Party Attestation for {Intel SGX} with Intel Data Center Attestation Primitives},
  note={\url{http://tiny.cc/oxbvbz}},
  author={Scarlata et al., Vinnie},
  year={2018},
}

@article{genkin2016physical,
  title={Physical key extraction attacks on {PCs}},
  author={Genkin, Daniel and others}, 
  journal={Communications of the ACM},
  year={2016},
}


